<?xml version="1.0" encoding="UTF-8" ?>
<collection xmlns:xsi="http://www.w3.org/2001/XMLSchema-instance"
    xsi:schemaLocation="http://www.loc.gov/MARC21/slim
        http://www.loc.gov/standards/marcxml/schema/MARC21slim.xsd"
    xmlns="http://www.loc.gov/MARC21/slim">
<record>
  <leader>00267cam a2200517 i 4500</leader>
  <controlfield tag="001">b12620063</controlfield>
  <controlfield tag="003">LeBAU</controlfield>
  <controlfield tag="005">20140526</controlfield>
  <controlfield tag="008">970830s1905    ua            ||0 f ara d</controlfield>
  <datafield tag="035" ind1=" " ind2=" ">
    <subfield code="a">ocn784430358</subfield>
  </datafield>
  <datafield tag="040" ind1=" " ind2=" ">
    <subfield code="a">LEAUB</subfield>
    <subfield code="b">ara</subfield>
    <subfield code="e">rda</subfield>
    <subfield code="c">LEAUB</subfield>
    <subfield code="d">LEAUB</subfield>
  </datafield>
  <datafield tag="082" ind1="0" ind2="4">
    <subfield code="a">892.78</subfield>
    <subfield code="2">22</subfield>
  </datafield>
  <datafield tag="100" ind1="1" ind2=" ">
    <subfield code="6">880-01</subfield>
    <subfield code="a">Zaydān, Jirjī,</subfield>
    <subfield code="d">1861-1914,</subfield>
    <subfield code="e">author.</subfield>
  </datafield>
  <datafield tag="245" ind1="1" ind2="0">
    <subfield code="6">880-02</subfield>
    <subfield code="a">Abū Muslim al-Khurāsānī :</subfield>
    <subfield code="b">riwāyah tārīkhīyah gharāmīyah /</subfield>
    <subfield code="c">ta’līf Jirjī Zaydān, munshi’ al-Hilāl.</subfield>
  </datafield>
  <datafield tag="264" ind1=" " ind2="1">
    <subfield code="6">880-03</subfield>
    <subfield code="a">Miṣr :</subfield>
    <subfield code="b">Maṭbaʻat al-Hilāl,</subfield>
    <subfield code="c">1905.</subfield>
  </datafield>
  <datafield tag="300" ind1=" " ind2=" ">
    <subfield code="6">880-04</subfield>
    <subfield code="a">220 pages ;</subfield>
    <subfield code="c">24 cm.</subfield>
  </datafield>
  <datafield tag="336" ind1=" " ind2=" ">
    <subfield code="a">text</subfield>
    <subfield code="b">txt</subfield>
    <subfield code="2">rdacontent</subfield>
  </datafield>
  <datafield tag="337" ind1=" " ind2=" ">
    <subfield code="a">unmediated</subfield>
    <subfield code="b">n</subfield>
    <subfield code="2">rdamedia</subfield>
  </datafield>
  <datafield tag="338" ind1=" " ind2=" ">
    <subfield code="a">volume</subfield>
    <subfield code="b">nc</subfield>
    <subfield code="2">rdacarrier</subfield>
  </datafield>
  <datafield tag="490" ind1="1" ind2=" ">
    <subfield code="6">880-05</subfield>
    <subfield code="a">Riwāyāt tārīkh al-Islām ;</subfield>
    <subfield code="v">al-ḥalaqah al-tāsi‘ah</subfield>
  </datafield>
  <datafield tag="500" ind1=" " ind2=" ">
    <subfield code="a">"تشتمل على سقوط الدولة الأموية وقيام الدولة العباسية وسعي أبو مسلم الخراساني في تأييدها بالقتل على التهمة والفتك وشدة البطش إلى ولاية المنصور ومقتل أبي مسلم ويتخلل ذلك وصف عادات الخراسانيين وأخلاقهم ونقمة الموالي على بني أمية وتنافس بني هاشم على البيعة وغير ذلك."</subfield>
  </datafield>
  <datafield tag="590" ind1=" " ind2=" ">
    <subfield code="a">الصفحات من 17-32 مفتقدة.</subfield>
  </datafield>
  <datafield tag="600" ind1="1" ind2="4">
    <subfield code="a">الخراساني، أبو مسلم عبد الرحمن بن مسلم،</subfield>
    <subfield code="d">اشتهر في القرن 8</subfield>
    <subfield code="v">قصة.</subfield>
  </datafield>
  <datafield tag="600" ind1="1" ind2="0">
    <subfield code="a">Khurāsānī, Abū Muslim ʻAbd al-Raḥmān ibn Muslim,</subfield>
    <subfield code="d">active 8th century</subfield>
    <subfield code="v">Fiction.</subfield>
  </datafield>
  <datafield tag="650" ind1=" " ind2="4">
    <subfield code="a">قصة.</subfield>
  </datafield>
  <datafield tag="650" ind1=" " ind2="0">
    <subfield code="a">Fiction.</subfield>
  </datafield>
  <datafield tag="775" ind1="0" ind2=" ">
    <subfield code="6">880-06</subfield>
    <subfield code="t">Abū Muslim al-Khurāsānī</subfield>
    <subfield code="d">al-Qāhirah : Dār al-Hilāl, 1949</subfield>
    <subfield code="w">(OCoLC)784407077</subfield>
    <subfield code="w">(OCoLC)784407077</subfield>
  </datafield>
  <datafield tag="775" ind1="0" ind2=" ">
    <subfield code="6">880-07</subfield>
    <subfield code="t">Abū Muslim al-Khurāsānī</subfield>
    <subfield code="d">al-Qāhirah : Dār al-Hilāl, [19-?]</subfield>
    <subfield code="w">(OCoLC)784407104</subfield>
    <subfield code="w">(OCoLC)784407104</subfield>
  </datafield>
  <datafield tag="775" ind1="0" ind2=" ">
    <subfield code="6">880-08</subfield>
    <subfield code="t">Abū Muslim al-Khurāsānī</subfield>
    <subfield code="d">al-Qāhirah : Dār al-Hilāl, [19-?]</subfield>
    <subfield code="w">(OCoLC)784430356</subfield>
    <subfield code="w">(OCoLC)784430356</subfield>
  </datafield>
  <datafield tag="787" ind1="0" ind2=" ">
    <subfield code="6">880-09</subfield>
    <subfield code="i">contained in (work):</subfield>
    <subfield code="t">al-Ḥajjāj bin Yūsuf...</subfield>
    <subfield code="d">Miṣr : Dār al-Hīlāl, [between 1900 and 1999]</subfield>
    <subfield code="w">b18280730</subfield>
  </datafield>
  <datafield tag="830" ind1=" " ind2="1">
    <subfield code="6">880-10</subfield>
    <subfield code="a">Riwāyāt tārīkh al-Islām ;</subfield>
    <subfield code="v">9.</subfield>
  </datafield>
  <datafield tag="852" ind1=" " ind2=" ">
    <subfield code="a">Jafet Library</subfield>
    <subfield code="e">American University of Beirut, Bliss Street , Beirut, Lebanon.</subfield>
  </datafield>
  <datafield tag="880" ind1="1" ind2=" ">
    <subfield code="6">100-01/(3/r</subfield>
    <subfield code="a">زيدان، جرجي،</subfield>
    <subfield code="d">1861-1914،</subfield>
    <subfield code="e">مؤلف. </subfield>
    <subfield code="4">aut.</subfield>
  </datafield>
  <datafield tag="880" ind1="1" ind2="0">
    <subfield code="6">245-02/(3/r</subfield>
    <subfield code="a">أبو مسلم الخراساني :</subfield>
    <subfield code="b">رواية تاريخية غرامية /</subfield>
    <subfield code="c">تأليف جرجي زيدان، منشىء الهلال.</subfield>
  </datafield>
  <datafield tag="880" ind1=" " ind2="1">
    <subfield code="6">264-03/(3/r</subfield>
    <subfield code="a">مصر :</subfield>
    <subfield code="b">مطبعة الهلال،</subfield>
    <subfield code="c">1905.</subfield>
  </datafield>
  <datafield tag="880" ind1=" " ind2=" ">
    <subfield code="6">300-04/(3/r</subfield>
    <subfield code="a">220 صفحة ؛</subfield>
    <subfield code="c">24 سم.</subfield>
  </datafield>
  <datafield tag="880" ind1="1" ind2=" ">
    <subfield code="6">490-05/(3/r</subfield>
    <subfield code="a">روايات تاريخ الاسلام ؛</subfield>
    <subfield code="v">الحلقة التاسعة</subfield>
  </datafield>
  <datafield tag="880" ind1="0" ind2=" ">
    <subfield code="6">775-06/(3/r</subfield>
    <subfield code="t">أبو مسلم الخراساني</subfield>
    <subfield code="d">القاهرة : دار الهلال، 1949</subfield>
    <subfield code="w">b12561502</subfield>
    <subfield code="w">(OCoLC)784407077</subfield>
  </datafield>
  <datafield tag="880" ind1="0" ind2=" ">
    <subfield code="6">775-07/(3/r</subfield>
    <subfield code="t">أبو مسلم الخراساني</subfield>
    <subfield code="d">القاهرة : دار الهلال، [19-؟]</subfield>
    <subfield code="w">b12561745</subfield>
    <subfield code="w">(OCoLC)784407104</subfield>
  </datafield>
  <datafield tag="880" ind1="0" ind2=" ">
    <subfield code="6">775-08/(3/r</subfield>
    <subfield code="t">أبو مسلم الخراساني...</subfield>
    <subfield code="d">القاهرة : دار الهلال، [19-؟]</subfield>
    <subfield code="w">b12620051</subfield>
    <subfield code="w">(OCoLC)784430356</subfield>
  </datafield>
  <datafield tag="880" ind1="0" ind2=" ">
    <subfield code="6">787-09/(3/r</subfield>
    <subfield code="i">متضمن في (عمل):</subfield>
    <subfield code="t">الحجاج بن يوسف...</subfield>
    <subfield code="d">مصر : دار الهلال، [1999 و 1900ما بين ]</subfield>
    <subfield code="w">b18280730</subfield>
  </datafield>
  <datafield tag="880" ind1=" " ind2="0">
    <subfield code="6">830-10/(3/r</subfield>
    <subfield code="a">روايات تاريخ الاسلام ؛</subfield>
    <subfield code="v">9.</subfield>
  </datafield>
  <datafield tag="907" ind1=" " ind2=" ">
    <subfield code="a">.b12620063</subfield>
    <subfield code="b">16-11-17</subfield>
    <subfield code="c">11-05-24</subfield>
  </datafield>
  <datafield tag="907" ind1=" " ind2=" ">
    <subfield code="a">.b12620063</subfield>
    <subfield code="b">15-10-15</subfield>
    <subfield code="c">11-05-24</subfield>
  </datafield>
  <datafield tag="945" ind1=" " ind2=" ">
    <subfield code="f">J</subfield>
    <subfield code="a">892.78:Z39a2A:c.1</subfield>
    <subfield code="g">1</subfield>
    <subfield code="i">01044331</subfield>
    <subfield code="j">.i13139988</subfield>
    <subfield code="l">u0503</subfield>
  </datafield>
  <datafield tag="998" ind1=" " ind2=" ">
    <subfield code="a">u05</subfield>
    <subfield code="b">97-08-30</subfield>
    <subfield code="c">m</subfield>
    <subfield code="d">a</subfield>
    <subfield code="e">-</subfield>
    <subfield code="f">ara</subfield>
    <subfield code="g">ua </subfield>
    <subfield code="h">0</subfield>
    <subfield code="i">1</subfield>
  </datafield>
</record>
</collection>
